<?xml version='1.0' encoding='UTF-8'?>
<record xmlns="http://www.loc.gov/MARC21/slim">
  <leader>01780cam a2200397 a 4500</leader>
  <controlfield tag="001">460886</controlfield>
  <controlfield tag="003">NjP</controlfield>
  <controlfield tag="005">20170905102824.0</controlfield>
  <controlfield tag="008">880811m19881990ir       b    001 0 ara d</controlfield>
  <datafield tag="024" ind1="7" ind2=" ">
    <subfield code="a">princeton_aco001599</subfield>
    <subfield code="2">local</subfield>
  </datafield>
  <datafield ind1=" " ind2=" " tag="035">
    <subfield code="a">(OCoLC)ocn175418651</subfield>
  </datafield>
  <datafield ind1=" " ind2=" " tag="035">
    <subfield code="a">460886</subfield>
  </datafield>
  <datafield ind1=" " ind2=" " tag="040">
    <subfield code="a">NjP</subfield>
    <subfield code="c">PUL</subfield>
    <subfield code="d">PUL</subfield>
  </datafield>
  <datafield ind1=" " ind2=" " tag="035">
    <subfield code="a">(OCoLC)175418651</subfield>
  </datafield>
  <datafield ind1=" " ind2=" " tag="035">
    <subfield code="a">(CStRLIN)NJPG88-B40513</subfield>
  </datafield>
  <datafield ind1=" " ind2=" " tag="035">
    <subfield code="9">ACD6537TS</subfield>
  </datafield>
  <datafield ind1=" " ind2=" " tag="035">
    <subfield code="a">(NjP)460886</subfield>
  </datafield>
  <datafield ind1=" " ind2=" " tag="079">
    <subfield code="a">ocm26941889</subfield>
  </datafield>
  <datafield ind1=" " ind2=" " tag="049">
    <subfield code="a">PULL</subfield>
  </datafield>
  <datafield ind1="1" ind2=" " tag="100">
    <subfield code="6">880-01</subfield>
    <subfield code="a">Muntaẓirī, Ḥusayn ʻAlī.</subfield>
  </datafield>
  <datafield ind1="1" ind2="0" tag="245">
    <subfield code="6">880-02</subfield>
    <subfield code="a">Dirāsāt fī wilāyat al-faqīh wa-fiqh al-dawlah al-Islāmīyah /</subfield>
    <subfield code="c">li-muʼallifihi al-Muntaẓirī.</subfield>
  </datafield>
  <datafield ind1=" " ind2=" " tag="250">
    <subfield code="6">880-03</subfield>
    <subfield code="a">al-Ṭabʻah 1.</subfield>
  </datafield>
  <datafield ind1=" " ind2=" " tag="260">
    <subfield code="6">880-04</subfield>
    <subfield code="a">Qum, Īrān :</subfield>
    <subfield code="b">al-Markaz al-ʻĀlamī lil-Dirāsāt al-Islāmīyah,</subfield>
    <subfield code="c">1408-1411 [1988-1990 or 1991]</subfield>
  </datafield>
  <datafield ind1=" " ind2=" " tag="300">
    <subfield code="a">4 v. ;</subfield>
    <subfield code="c">25 cm.</subfield>
  </datafield>
  <datafield ind1=" " ind2=" " tag="500">
    <subfield code="a">Title page partially vocalized.</subfield>
  </datafield>
  <datafield ind1=" " ind2=" " tag="504">
    <subfield code="a">Includes bibliographical references (v. 4, p. [373]-399) and indexes.</subfield>
  </datafield>
  <datafield ind1=" " ind2="0" tag="650">
    <subfield code="a">Islamic law</subfield>
    <subfield code="x">Interpretation and construction.</subfield>
    <subfield code="0">http://id.loc.gov/authorities/subjects/sh85068455</subfield>
  </datafield>
  <datafield ind1=" " ind2="0" tag="650">
    <subfield code="a">Islam and state.</subfield>
    <subfield code="0">http://id.loc.gov/authorities/subjects/sh85068426</subfield>
  </datafield>
  <datafield ind1=" " ind2="0" tag="650">
    <subfield code="a">Shīʻah</subfield>
    <subfield code="x">Doctrines.</subfield>
    <subfield code="0">http://id.loc.gov/authorities/subjects/sh85121391</subfield>
  </datafield>
  <datafield ind1="1" ind2=" " tag="880">
    <subfield code="6">100-01/r</subfield>
    <subfield code="a">منتظري، حسين علي.</subfield>
  </datafield>
  <datafield ind1="1" ind2="0" tag="880">
    <subfield code="6">245-02/r</subfield>
    <subfield code="a">دراسات في ولاية الفقيه وفقه الدولة الاسلامية /</subfield>
    <subfield code="c">لمؤلفه المنتظري.</subfield>
  </datafield>
  <datafield ind1=" " ind2=" " tag="880">
    <subfield code="6">250-03/r</subfield>
    <subfield code="a">الطبعة 1.</subfield>
  </datafield>
  <datafield ind1=" " ind2=" " tag="880">
    <subfield code="6">260-04/r</subfield>
    <subfield code="a">قم، ايران :</subfield>
    <subfield code="b">المركز العالمي للدراسات الاسلامية،</subfield>
    <subfield code="c">1408-1411 [1988-1990 or 1991]</subfield>
  </datafield>
  <datafield ind1=" " ind2=" " tag="998">
    <subfield code="a">10/20/92</subfield>
    <subfield code="s">9118</subfield>
    <subfield code="n">NjP</subfield>
    <subfield code="w">NJPG88B40513</subfield>
    <subfield code="d">08/11/88</subfield>
    <subfield code="c">JEB</subfield>
    <subfield code="b">JEB</subfield>
    <subfield code="i">921020</subfield>
    <subfield code="l">NJPG</subfield>
  </datafield>
  <datafield ind1=" " ind2=" " tag="911">
    <subfield code="a">19921030</subfield>
  </datafield>
  <datafield ind1=" " ind2=" " tag="912">
    <subfield code="a">19921020000000.0</subfield>
  </datafield>
  <datafield ind1=" " ind2=" " tag="994">
    <subfield code="a">C0</subfield>
    <subfield code="b">PUL</subfield>
  </datafield>
  <datafield ind1=" " ind2=" " tag="999">
    <subfield code="a">460886</subfield>
  </datafield>
  <datafield ind1="8" ind2="1" tag="852">
    <subfield code="0">501293</subfield>
    <subfield code="b">nec</subfield>
    <subfield code="t">1</subfield>
    <subfield code="h">KBL</subfield>
    <subfield code="i">.M867</subfield>
  </datafield>
  <datafield ind1=" " ind2="0" tag="866">
    <subfield code="0">501293</subfield>
    <subfield code="8">0</subfield>
    <subfield code="a">juzʼ 1-2</subfield>
  </datafield>
  <datafield ind1=" " ind2=" " tag="959">
    <subfield code="a">2000-06-13 00:00:00 -0500</subfield>
  </datafield>
</record>
